@Article{archlinux,
languange = {english},
author = {Arch Linux},
title = {Latest installation medium},
year = {2013}
}
@book{rolling,
hyphenation = {greek},
author = {\gr{Λίνους Τορβαλντς}},
publisher = {Linux Foundation},
title = {{\gr{Ο πυρήνας του}} {\en{Linux}}},
year = {1991}
}
